@inproceedings{Boytsov_and_Bilegsaikhan_nips2013,
  title={Learning To Prune in Metric and Non-Metric Spaces},
  author={Leonid Boytsov and Bilegsaikhan Naidan},
  booktitle={Advances in Neural Information Processing Systems},
  year={2013}
}


@incollection{Boytsov_and_Bilegsaikhan_sisap2013,
year={2013},
isbn={978-3-642-41061-1},
booktitle={Similarity Search and Applications},
volume={8199},
series={Lecture Notes in Computer Science},
editor={Brisaboa, Nieves and Pedreira, Oscar and Zezula, Pavel},
doi={10.1007/978-3-642-41062-8_28},
title={Engineering Efficient and Effective \mbox{Non-Metric Space Library}},
url={http://dx.doi.org/10.1007/978-3-642-41062-8_28},
publisher={Springer Berlin Heidelberg},
keywords={benchmarks; (non)-metric spaces; Bregman divergences},
author={Boytsov, Leonid and Naidan, Bilegsaikhan},
pages={280-293}
}
